<record><leader>00000cas a2200000 a 4500</leader><controlfield tag="001">11900878</controlfield><controlfield tag="008">850410d19311954ksuwr ne      0    0eng d</controlfield><datafield ind1=" " ind2=" " tag="010"><subfield code="a">sn 85030286 </subfield></datafield><datafield ind1=" " ind2=" " tag="040"><subfield code="a">KSH</subfield><subfield code="b">eng</subfield><subfield code="c">KSH</subfield><subfield code="d">NPT</subfield><subfield code="d">OCL</subfield><subfield code="d">OCLCQ</subfield></datafield><datafield ind1=" " ind2=" " tag="042"><subfield code="a">msc</subfield></datafield><datafield ind1="0" ind2="0" tag="245"><subfield code="a">Meade County press.</subfield></datafield><datafield ind1=" " ind2=" " tag="260"><subfield code="a">Meade, Kan. :</subfield><subfield code="b">George H. Carey,</subfield><subfield code="c">-1954.</subfield></datafield><datafield ind1=" " ind2=" " tag="300"><subfield code="a">v. :</subfield><subfield code="b">ill. ;</subfield><subfield code="c">38-55 cm.</subfield></datafield><datafield ind1=" " ind2=" " tag="310"><subfield code="a">Weekly</subfield></datafield><datafield ind1="0" ind2=" " tag="362"><subfield code="a">-v. 23, no. 22 (Feb. 25, 1954).</subfield></datafield><datafield ind1="1" ind2=" " tag="362"><subfield code="a">Began in 1931.</subfield><subfield code="z">Cf. Ayer, 1935.</subfield></datafield><datafield ind1=" " ind2=" " tag="500"><subfield code="a">"Republican."</subfield></datafield><datafield ind1=" " ind2=" " tag="515"><subfield code="a">Suspended with May 13, 1943 issue; resumed with July 19, 1945 issue.</subfield></datafield><datafield ind1=" " ind2=" " tag="525"><subfield code="a">Supplements included.</subfield></datafield><datafield ind1=" " ind2=" " tag="588"><subfield code="a">Description based on: Vol. 1, no. 9 (Feb. 4, 1932).</subfield></datafield><datafield ind1=" " ind2=" " tag="752"><subfield code="a">United States</subfield><subfield code="b">Kansas</subfield><subfield code="c">Meade</subfield><subfield code="d">Meade.</subfield></datafield><datafield ind1="0" ind2="7" tag="785"><subfield code="t">Meade globe-news</subfield><subfield code="w">(DLC)sn 85030284</subfield></datafield><datafield ind1="0" ind2="7" tag="785"><subfield code="t">Meade globe-press</subfield><subfield code="w">(DLC)sn 85030285</subfield></datafield><datafield ind1="1" ind2=" " tag="029"><subfield code="a">AU@</subfield><subfield code="b">000020378464</subfield></datafield></record>